@misc{si,
  author={Princeton MAE 324},
  title={Silicon},
  year=2021,
  url={https://www.princeton.edu/~maelabs/mae324/glos324/silicon.htm},
  howpublished={"\url{https://www.princeton.edu/~maelabs/mae324/glos324/silicon.htm}"}
}
