@Article{mit,
  author = 	 {Ying Xiong},
  title = 	 {Racing Line Optimization},
  journal = 	 {MIT School of Engineering},
  year = 	 2010,
}

 @misc{swifto,
  title={Haginile/SwiftOptimizer: A swift library for solving optimization problems (i.e., minimization/maximization)},
  url={https://github.com/haginile/SwiftOptimizer},
  journal={GitHub},
  author={Gai, Helin},
  year = 2014,}

 @misc{phors, title={The physics of Racing}, url={http://autoxer.skiblack.com/phys_racing/contents.htm}, journal={Brian Beckman's Physics of Racing Series}, author={Beckman, Brian}, year=2002, month={Feb}} 