 @misc{pt,
 title={Density of chemical elements}, url={https://material-properties.org/density-of-chemical-elements/},
 journal={Material Properties},
 author={Cavendish, Discoverer: and Ramsey, Discoverer: and Arfvedson, Discoverer: and Vauquelin, Discoverer: and Davy, Discoverer: and unknown, Discoverer: and Rutherford, Discoverer: and Priestley, Discoverer: and Moissan, Discoverer: and Ramsay, Discoverer: and et al.},
 year=2021,
 month={Jan}} 

@article{CYR,
  author={N. Cyr and M. T$\hat{e}$tu and M. Breton},
  title={All-optical microwave frequency standard: a proposal},
  journal={IEEE Trans. Instrum. Meas.},
  volume={42},
  page={640},
  year=1993
}

@book{melissinos,
  author={A.~C. Melissinos and J. Napolitano},
  year=2003,
  title={Experiments in Modern Physics},
  publisher={Academic Press},
  address={New York}
}

@misc{Wiki,
  author={Wikipedia},
  title={Expected Value},
  year=2021,
  note = {Bruh moment},
  url={http://en.wikipedia.org/wiki/Expected\_value}
}
