@article{Hertz_2016,
  doi = {10.1088/1751-8121/50/3/033001}, 
  url = {https://doi.org/10.1088%2F1751-8121%2F50%2F3%2F033001},
  year = 2016,
  month = {dec},
  publisher = {{IOP} Publishing},
  volume = {50},
  number = {3},
  pages = {033001},
  author = {John A Hertz and Yasser Roudi and Peter Sollich},
  title = {Path integral methods for the dynamics of stochastic and disordered systems}, 
  journal = {Journal of Physics A: Mathematical and Theoretical}
}

@article{MSR_1973,
  title = {Statistical Dynamics of Classical Systems},
  author = {Martin, P. C. and Siggia, E. D. and Rose, H. A.},
  journal = {Phys. Rev. A},
  volume = {8},
  issue = {1},
  pages = {423--437},
  numpages = {0},
  year = {1973},
  month = {Jul},
  publisher = {American Physical Society},
  doi = {10.1103/PhysRevA.8.423},
  url = {https://link.aps.org/doi/10.1103/PhysRevA.8.423}
}