@article{compwavelen,
  title = {GW170104: Observation of a 50-Solar-Mass Binary Black Hole Coalescence at Redshift 0.2},
  author = {Abbott, B. P. and Abbott, R.},
  collaboration = {LIGO Scientific and Virgo Collaboration},
  journal = {Phys. Rev. Lett.},
  volume = 118,
  issue = 22,
  pages = 221101,
  numpages = 17,
  year = 2017,
  month = {Jun},
  publisher = {American Physical Society},
  doi = {10.1103/PhysRevLett.118.221101},
  url = {https://link.aps.org/doi/10.1103/PhysRevLett.118.221101}
}

@book{qftga,
      author        = "Lancaster, Tom and Blundell, Stephen J",
      title         = "{Quantum Field Theory for the Gifted Amateur}",
      publisher     = "Oxford University Press",
      address       = "Oxford",
      month         = "Apr",
      year          = "2014",
      url           = "https://cds.cern.ch/record/1629337",
      doi           = "0199699321",
}

 @book{fradkin_2021,
 place={Princeton, NJ},
 title={Quantum Field theory: An Integrated Approach},
 publisher={Princeton University Press},
 author={Fradkin, Eduardo},
 year=2021}

 @article{pedersen_2017, title={Linearized general relativity and its quantization}, DOI={https://ntnuopen.ntnu.no/ntnu-xmlui/bitstream/handle/11250/2445854/14362_FULLTEXT.pdf?sequence=1}, journal={Norwegian University of Science and Technology}, author={Pedersen, Alf-Hakon}, year={2017}, month={May}} 