@book{TabRad_v5,
  title={Table of Radionuclides},
  author={B\'e, M.-M. and Chist\'e, V. and Dulieu, C. and Mougeot, X. and Browne, E. and Chechev, V. and Kuzmenko, N. and Kondev, F. and Luca, A. and Gal\'an, M. and Nichols, A.L. and Arinc, A. and Huang, X.},
  volume=5,
  isbn={92-822-2234-8},
  series={Monographie BIPM-5},
  url={http://www.bipm.org/utils/common/pdf/monographieRI/Monographie_BIPM-5_Tables_Vol5.pdf},
  year=2010,
  publisher={Bureau International des Poids et Mesures},
  address={Pavillon de Breteuil, F-92310 S\`evres, France}
}