@MISC{LIF,
  author = {Physics Openlab},
  title = {Lithium Fluoride (LIF) Crystal},
  year = 2018,
  url = {https://physicsopenlab.org/2018/01/23/lithium-fluoride-lif-crystal/},
  howpublished = "\url{https://physicsopenlab.org/2018/01/23/lithium-fluoride-lif-crystal/}"
}
